@article{doukou,
  title={瞳孔ゆらぎを指標とした覚醒度状態評価},
  author={西山潤平 and 谷田公二 and 楠見昌司 and 平田豊},
  journal={生体医工学},
  volume={46},
  number={2},
  pages={212--217},
  year={2008},
  publisher={公益社団法人 日本生体医工学会}
}
@article{seitai4,
  title={生体情報を利用した作業者の心身状態評価法の現状と動向},
  author={高野研一 and 長坂彰彦 and 吉野賢治},
  journal={産業医学},
  volume={34},
  number={2},
  pages={95--115},
  year={1992},
  publisher={社団法人 日本産業衛生学会}
}
@article{seitai1,
  title={生体情報を利用した精神作業負荷の評価に関する基礎的研究},
  author={高野研一 and 吉野賢治 and 長坂彰彦},
  journal={産業医学},
  volume={32},
  number={2},
  pages={105--117},
  year={1990},
  publisher={社団法人 日本産業衛生学会}
}
@article{seitaigakusyuu,
  title={生体情報による学習活動の評価},
  author={中山実 and 清水康敬},
  journal={日本教育工学雑誌},
  volume={24},
  number={1},
  pages={15--23},
  year={2000},
  publisher={日本教育工学会}
}

@article{seitai2,
  title={生体情報を利用した作業者の心身状態評価法の現状と動向},
  author={高野研一 and 長坂彰彦 and 吉野賢治},
  journal={産業医学},
  volume={34},
  number={2},
  pages={95--115},
  year={1992},
  publisher={社団法人 日本産業衛生学会}
}
@article{seitaigakusyuu2,
  title={生体情報を用いた学習者の心的状態推定と学習支援の試み},
  author={松居辰則},
  journal={教育システム情報学会誌},
  volume={36},
  number={2},
  pages={76--83},
  year={2019},
  publisher={教育システム情報学会}
}

@article{dokusyoapuri,
  title={読書を促進する音楽付き読書アプリの提案},
  author={草野有沙 and 西由佳梨 and 北原鉄朗 and others},
  journal={第 80 回全国大会講演論文集},
  volume={2018},
  number={1},
  pages={187--188},
  year={2018}
}
@article{books,
  title={表示媒体が文章理解と記憶に及ぼす影響―電子書籍端末と紙媒体の比較―},
  author={小林亮太 and 池内淳 and others},
  journal={研究報告ヒューマンコンピュータインタラクション (HCI)},
  volume={2012},
  number={29},
  pages={1--7},
  year={2012}
}

@article{seitai3,
  title={マルチモーダル生体信号情報による感情認識に関する一考察},
  author={高橋和彦},
  journal={人間工学},
  volume={41},
  number={4},
  pages={248--253},
  year={2005},
  publisher={一般社団法人 日本人間工学会}
}

@article{seitai5,
  title={深層ニューラルネットワークを用いた学習者の生体情報からの心的状態推定モデルおける中間層の可視化の試み},
  author={松居辰則 and 田和辻可昌},
  journal={電子情報通信学会技術研究報告; 信学技報},
  volume={118},
  number={214},
  pages={31--36},
  year={2018},
  publisher={電子情報通信学会}
}

@inproceedings{seitai6,
  title={心的状態の時間遅れと持続モデルを考慮した生体情報からの学習者の心的状態推定の試み},
  author={松居辰則 and 宇野達朗 and 田和辻可昌},
  booktitle={人工知能学会全国大会論文集 第 32 回 (2018)},
  pages={4H1OS9a05--4H1OS9a05},
  year={2018},
  organization={一般社団法人 人工知能学会}
}
@article{hyoujou,
  title={正準相関分析と注視特性による顔表情画像からの感情の測定法},
  author={谷卓哉 and 長谷川浩司 and 坂本博康 and 坂田年男 and 廉田浩 and 福島重廣},
  journal={知能と情報},
  volume={22},
  number={1},
  pages={52--64},
  year={2010},
  publisher={日本知能情報ファジィ学会}
}
@inproceedings{hyoujou2,
  title={ファジィメンバシップ値を利用した正準相関分析による顔表情と生理指標からの感情の推定},
  author={有田繭子 and 越智晴香 and 松藤貴大 and 坂本博康 and 福島重廣},
  booktitle={日本知能情報ファジィ学会 ファジィ システム シンポジウム 講演論文集 第 27 回ファジィシステムシンポジウム},
  pages={303--303},
  year={2011},
  organization={日本知能情報ファジィ学会}
}
@article{sityoutaikenn,
  title={周辺視へのエフェクト提示による動画の視聴体験拡張},
  author={松井啓司 and 中村聡史 and 大島遼 and others},
  journal={エンタテインメントコンピューティングシンポジウム 2015 論文集},
  volume={2015},
  pages={543--550},
  year={2015}
}
@article{hisyakaisinndo,
  title={被写界深度ぼけの提示により奥行感を強化する注視反応型ディスプレイ},
  author={岡谷貴之 and 石澤昴 and 出口光一郎},
  journal={電子情報通信学会論文誌 D},
  volume={92},
  number={8},
  pages={1298--1307},
  year={2009},
  publisher={The Institute of Electronics, Information and Communication Engineers}
}
@inproceedings{efects_english,
  title={Using an eye-tracking system to improve camera motions and depth-of-field blur effects in virtual environments},
  author={Hillaire, S{\'e}bastien and L{\'e}cuyer, Anatole and Cozot, R{\'e}mi and Casiez, G{\'e}ry},
  booktitle={2008 IEEE virtual reality conference},
  pages={47--50},
  year={2008},
  organization={IEEE}
}